@book{desmondGod,
  title = {God and the {{Between}}},
  author = {Desmond, William}
}

@book{lispectorPassionAccordingGH,
  title = {The {{Passion According}} to {{G}}.{{H}}.},
  author = {Lispector, Clarice}
}

@book{rilkeNewPoems,
  title = {New {{Poems}}},
  author = {Rilke, Rainer Maria}
}
